
@article{Sample01,
	author={Utku ErdoÄŸdu},
	title={Sample Reference Article},
	journal={METU Thesis Journal},
	volume={2},
	number={2},
	year={2012},
	pages={1-2}}
